<collection xmlns='http://www.loc.gov/MARC21/slim' xmlns:xsi='http://www.w3.org/2001/XMLSchema-instance' xsi:schemaLocation='http://www.loc.gov/standards/marcxml/schema/MARC21slim.xsd'>
  <record xmlns="http://www.loc.gov/MARC21/slim">
    <leader>00000ctm a2200000Ia 4500</leader>
    <controlfield tag="001">ocn745032196</controlfield>
    <controlfield tag="008">781214q17001896xx            000 0 ave d</controlfield>
    <datafield tag="040" ind1=" " ind2=" ">
      <subfield code="a">ZCU</subfield>
      <subfield code="b">eng</subfield>
      <subfield code="e">amremm</subfield>
      <subfield code="c">ZCU</subfield>
      <subfield code="d">ZCU</subfield>
    </datafield>
    <datafield tag="035" ind1=" " ind2=" ">
      <subfield code="a">(NNC)8839550</subfield>
    </datafield>
    <datafield tag="041" ind1="1" ind2=" ">
      <subfield code="a">ave</subfield>
      <subfield code="a">san</subfield>
      <subfield code="h">ave</subfield>
    </datafield>
    <datafield tag="049" ind1=" " ind2=" ">
      <subfield code="a">ZCUA</subfield>
    </datafield>
    <datafield tag="130" ind1="0" ind2=" ">
      <subfield code="a">Avesta.</subfield>
      <subfield code="p">Yasna.</subfield>
    </datafield>
    <datafield tag="245" ind1="1" ind2="0">
      <subfield code="a">[Yasna, with the Sanskrit translation of Neryosangh]</subfield>
    </datafield>
    <datafield tag="264" ind1=" " ind2="0">
      <subfield code="c">[between 1700 and 1896?]</subfield>
    </datafield>
    <datafield tag="300" ind1=" " ind2=" ">
      <subfield code="a">160 leaves ;</subfield>
      <subfield code="c">31 cm</subfield>
    </datafield>
    <datafield tag="336" ind1=" " ind2=" ">
      <subfield code="a">text</subfield>
      <subfield code="b">txt</subfield>
      <subfield code="2">rdacontent</subfield>
    </datafield>
    <datafield tag="337" ind1=" " ind2=" ">
      <subfield code="a">unmediated</subfield>
      <subfield code="b">n</subfield>
      <subfield code="2">rdamedia</subfield>
    </datafield>
    <datafield tag="338" ind1=" " ind2=" ">
      <subfield code="a">volume</subfield>
      <subfield code="b">nc</subfield>
      <subfield code="2">rdacarrier</subfield>
    </datafield>
    <datafield tag="340" ind1=" " ind2=" ">
      <subfield code="d">manuscript</subfield>
    </datafield>
    <datafield tag="500" ind1=" " ind2=" ">
      <subfield code="a">Disbound; most pages have extensive old repairs with paper tape around edges, partially obscuring some letters.</subfield>
    </datafield>
    <datafield tag="500" ind1=" " ind2=" ">
      <subfield code="a">Title supplied by cataloger.</subfield>
    </datafield>
    <datafield tag="510" ind1="4" ind2=" ">
      <subfield code="a">Geldner, K. Avesta,</subfield>
      <subfield code="c">v.3, p. xiii, S (Surat) 1</subfield>
    </datafield>
    <datafield tag="510" ind1="4" ind2=" ">
      <subfield code="a">Avestan Digital Archive</subfield>
      <subfield code="c">0677</subfield>
    </datafield>
    <datafield tag="500" ind1=" " ind2=" ">
      <subfield code="a">The Geldner citation reads as follows (diacritics omitted): S1(= Surat) Yasna with the Sanskrit translation of Neryosangh. Excellent old Ms., of great independence and accuracy. The peculiar style of the writing is not always uniform, it often resembles the ordinary type of script. The scribe appears accordingly to have imitated, but not consistently, the style of writing of the Ms. before him. The first three leaves are wanting; the Ms. begins with asasunam.frauu in Y. 1,6. In Y.26 the antecedent Ms. appears to have had a gap. The Ms. breaks off with azi in Y. 46,19, the rest is lost. The remainder of the Sanskrit translation has been supplied by a hand that is quite modern. The entire Ms. has later been paged with Devanagari numbers; last leaf is 160, 12 1/4; 91/8 in. The Ms. is not bound; the margin is much damaged and patched; the middle of the leaves is well preserved. The owner of the Ms., as I subsequently learned, is the Mobed Mancherji Barzoji Powri.</subfield>
    </datafield>
    <datafield tag="541" ind1="1" ind2=" ">
      <subfield code="a">Gift of Mobed Mancherji Barzoji Powri,1902; accompanied by its mailing envelope, addressed to Prof. Jackson. First cataloged at Columbia by January 1926.</subfield>
    </datafield>
    <datafield tag="500" ind1=" " ind2=" ">
      <subfield code="a">Shelfmark: X892.5 Av3 N22.</subfield>
    </datafield>
    <datafield tag="530" ind1=" " ind2=" ">
      <subfield code="a">Also available as a digital facsimile.</subfield>
    </datafield>
    <datafield tag="530" ind1=" " ind2=" ">
      <subfield code="a">Also available as a published facsimile (Sanskrit Yasna manuscript S1. Brill, 2018).</subfield>
    </datafield>
    <datafield tag="588" ind1="0" ind2=" ">
      <subfield code="a">Item cataloged from digital facsimile and existing description.</subfield>
    </datafield>
    <datafield tag="630" ind1="0" ind2="0">
      <subfield code="a">Avesta.</subfield>
      <subfield code="p">Yasna.</subfield>
    </datafield>
    <datafield tag="650" ind1=" " ind2="0">
      <subfield code="a">Zoroastrianism</subfield>
      <subfield code="x">Rituals</subfield>
      <subfield code="v">Early works to 1800.</subfield>
    </datafield>
    <datafield tag="650" ind1=" " ind2="0">
      <subfield code="a">Manuscripts, Avestan.</subfield>
    </datafield>
    <datafield tag="650" ind1=" " ind2="0">
      <subfield code="a">Manuscripts, Sanskrit.</subfield>
    </datafield>
    <datafield tag="700" ind1="0" ind2=" ">
      <subfield code="a">Nairiū-saṅgh,</subfield>
      <subfield code="e">translator.</subfield>
    </datafield>
    <datafield tag="700" ind1="1" ind2=" ">
      <subfield code="a">Pavri, Manchergji Barzoji,</subfield>
      <subfield code="e">donor.</subfield>
    </datafield>
    <datafield tag="700" ind1="1" ind2=" ">
      <subfield code="a">Jackson, A. V. Williams</subfield>
      <subfield code="q">(Abraham Valentine Williams),</subfield>
      <subfield code="d">1862-1937,</subfield>
      <subfield code="e">associated name.</subfield>
    </datafield>
    <datafield tag="710" ind1="2" ind2=" ">
      <subfield code="a">Muslim World Manuscripts (Columbia University. Rare Book and Manuscript Library)</subfield>
    </datafield>
    <datafield tag="730" ind1="0" ind2="2">
      <subfield code="a">Avesta.</subfield>
      <subfield code="p">Yasna.</subfield>
      <subfield code="l">Sanskrit.</subfield>
    </datafield>
    <datafield tag="740" ind1="0" ind2=" ">
      <subfield code="a">Sanskrit Yasna manuscript S1.</subfield>
    </datafield>
    <datafield tag="856" ind1="4" ind2="1">
      <subfield code="a">‡z Digital facsimile in OPenn ‡u https://openn.library.upenn.edu/Data/0032/html/X892_5_Av3_N22.html</subfield>
    </datafield>
    <datafield tag="852" ind1=" " ind2=" ">
      <subfield code="a">Columbia University.</subfield>
      <subfield code="b">Rare Book and Manuscript Library</subfield>
      <subfield code="e">New York, NY. 10027</subfield>
      <subfield code="n">nyu</subfield>
      <subfield code="u">https://clio.columbia.edu/catalog/8839550</subfield>
    </datafield>
  </record></collection>